@book{ ME,
 title = {Matematyka Europejczyka},
 year = {2014},
 author = {Katarzyna Nowoświat},
 publisher = {Helion},
}

@misc{ RM,
    title = {Reguła mnożenia},
    year = {2022},
    url = {\url{https://www.matemaks.pl/regula-mnozenia.html}},
    note = {[Online; accessed 03.02.2023]},
}

@misc{ WK,
    title = {Wprowadzenie do kombinatoryki},
    year = {2022},
    url = {\url{https://docplayer.pl/48256449-Wprowadzenie-do-kombinatoryki.html}},
    note = {[Online; accessed 03.02.2023},
}

@manual{MatDysk,
  title  = {Skrypt z Matematyki Dyskretne},
  author = {Pawel Zylinski},
  year   = {2010},
}

@Conference{ZKonf,
  author = "Tomasz Taton",
  title  = "ZASTOSOWANIE PROGRAMOWANIA OGRANICZENIOWEGO W LOGICE DLA PROBLEMU AUKCJI KOMBINATORYCZNYCH",
  year = "2006"
}

@Article{AlgorytmyDok,
  author  = "Tomasz Walen",
  title   = "Algorytmy dokladne i aproksymacyjne dla wybranyc problemów kombinatorycznych w biologii obliczeniowej",
  year    = "2009",
}

@unpublished{MathD,
author = "Lorem",
title = "Ipsum Lorem",
institution = "Lorem Ipsum has been the industry's standard",
year = "2020",
}